@misc{jasmin,
title = {Jasmin},
author = {Daniel Reynaud and Jonathan Meyer},
month = {March},
url = {http://jasmin.sourceforge.net/},
year = {2006},
}

@misc{java-enum,
	author = {Sun Microsystems},
	title  ={Enums},
	year = {2004},
	url = {http://java.sun.com/j2se/1.5.0/docs/guide/language/enums.html}
}

@book{bloch2008,
 author = {Joshua Bloch},
 title = {Effective Java (2nd Edition) (The Java Series)},
 year = {2008},
 isbn = {0321356683, 9780321356680},
 publisher = {Prentice Hall PTR},
 address = {Upper Saddle River, NJ, USA},
 }


@book{aho86,
 author = {Alfred V. Aho and Ravi Sethi and Jeffrey D. Ullman},
 title = {Compilers: principles, techniques, and tools},
 year = {1986},
 isbn = {0-201-10088-6},
 publisher = {Addison-Wesley Longman Publishing Co., Inc.},
 address = {Boston, MA, USA},
 }

@inproceedings{fokker95,
 author = {Jeroen Fokker},
 title = {Functional Parsers},
 booktitle = {Advanced Functional Programming, First International Spring School on Advanced Functional Programming Techniques-Tutorial Text},
 year = {1995},
 isbn = {3-540-59451-5},
 pages = {1--23},
 publisher = {Springer-Verlag},
 address = {London, UK},
 url = {http://people.cs.uu.nl/jeroen/article/parsers/parsers.ps}
}

@article{yacc,
 author = {Stephen C. Johnson and Ravi Sethi},
 title = {Yacc: a parser generator},
 book = {UNIX Vol. II: research system (10th ed.)},
 year = {1990},
 isbn = {0-03-047529-5},
 pages = {347--374},
 publisher = {W. B. Saunders Company},
 address = {Philadelphia, PA, USA},
}

@techreport{meijer2001a,
   author = "Daan Leijen and Erik Meijer",
   title = "Parsec: Direct Style Monadic Parser Combinators for the Real World",
   institution = "Universiteit Utrecht",
   number = "Technical Report UU-CS-2001-35",
   year = "2001",
   url = "http://www.cs.uu.nl/~daan/papers/parsec-paper.pdf"
}

@manual{parsec-doc,
   author = "Daan Leijen",
   title = "Parsec, a fast parser combinator",
   institution = "Universiteit Utrecht",
   year = "2001",
   url = "http://legacy.cs.uu.nl/daan/download/parsec/parsec.pdf"
}

@ARTICLE{hughes2000,
    author = {John Hughes},
    title = {Generalising monads to arrows},
    journal = {Science of Computer Programming},
    year = {2000},
    volume = {37},
    pages = {67--111},
    url = {http://www.cs.chalmers.se/~rjmh/Papers/arrows.ps}
}

@book{jmitchell2003,
	author = {John C. Mitchell and Krzysztof Apt},
	title = {{C}oncepts in {P}rogramming {L}anguages},
	publisher = {{C}ambridge {U}niversity {P}ress},
	year = {2001},
	address = {New York, NY, USA},
	isbn = {0521780985}
}

@article{wikipediaLisp,
	title = {Lisp},
	url = {http://en.wikipedia.org/wiki/LISP},
	urlaccessdate = {16 out. 2008},
	year = {2008}
}

@article{Mc60,
	author = {John McCarthy},
	title = {Recursive functions of symbolic expressions and their computation by machine, Part I},
	journal = {Commun. ACM},
	volume = {3},
	number = {4},
	year = {1960},
	issn = {0001-0782},
	pages = {184--195},
	doi = {http://doi.acm.org/10.1145/367177.367199},
	publisher = {ACM},
	address = {New York, NY, USA}
}

@Manual{IPS:1994:DPA,
  author =       {Information Processing Systems and American
                 National Standards Institute. Committee X3 and
                 Computer and Business Equipment Manufacturers
                 Association},
  title =        "Draft proposed {American National Standard Programming Language Common LISP}",
  number =       "X3.226:199x (Draft 14.10, X3J13/93-102)",
  organization = "X3 Secretariat/CBEMA (Reproduced by Global Engineering Documents)",
  address =      "Washington, DC, USA",
  day =          "10",
  month =        jan,
  year =         "1994"
}

@article{Wirth77,
  author  = {Niklaus Wirth},
  title   = {{Design and Implementation of Modula}},
  journal = {Software -- Practice and Experience},
  year    = 1977,
  volume  = {7},
  pages   = {67-84},
  topics  = {Modules}
}

@string{ams="American Mathematical Society"}
@string{tams="Transactions of the " # ams}

@Article(ChurchRosser36,
 Author="Alonzo Church and J.B. Rosser",
 Title="Some Properties of Conversion",
 Journal=tams,
 Year=1936,
 Volume=3,
 Pages="472--482")

@inproceedings{historyHaskell,
title = {A history of Haskell: being lazy with class.},
author = {Paul Hudak and John Hughes and Simon L. Peyton Jones and Philip Wadler},
booktitle = {HOPL},
pages = {1-55},
publisher = {ACM},
url = "http://research.microsoft.com/~simonpj/papers/history-of-haskell/history.pdf",
year = {2007},
date = {2007-06-13}
}

@article{miranda87,
title = {An overview of Miranda.},
author = {David Turner},
journal = {Bulletin of the EATCS},
pages = {103-114},
url = {http://dblp.uni-trier.de/db/journals/eatcs/eatcs33.html},
volume = {33},
year = {1987},
description = {dblp},
date = {2003-07-08},
keywords = {dblp }
}

@inproceedings{Wadler89,
 author = {P. Wadler and Stephen Blott},
 title = {How to make ad-hoc {P}olymorphism less ad-hoc},
 booktitle = {Proceedings of the 16th ACM SIGPLAN-SIGACT {S}ymposium on {P}rinciples of {P}rogramming {L}anguages},
 year = {1989},
 isbn = {0-89791-294-2},
 pages = {60--76},
 location = {Austin, Texas, United States},
 doi = {http://doi.acm.org/10.1145/75277.75283},
 publisher = {ACM Press},
}

@inproceedings{simonpj97,
   author = "Simon Peyton Jones, Mark Jones and Erik Meijer",
   title = "Type classes: exploring the design space",
   booktitle = "Procedings of the Haskell Workshop 1997",
   month = "June",
   year = "1997",
   url = "http://research.microsoft.com/Users/simonpj/Papers/type-class-design-space/multi.ps.gz"
}

@inproceedings{moggi89,
title = {Computational Lambda-Calculus and Monads},
author = {Eugenio Moggi},
booktitle = {LICS},
pages = {14-23},
publisher = {IEEE Computer Society},
year = {1989},
date = {2006-04-25},
}

@INPROCEEDINGS{Wadler90,
 author = {Philip Wadler},
 title = {Comprehending monads},
 booktitle = {LFP '90: Proceedings of the 1990 ACM conference on LISP and functional programming},
 year = {1990},
 isbn = {0-89791-368-X},
 pages = {61--78},
 location = {Nice, France},
 doi = {http://doi.acm.org/10.1145/91556.91592},
 publisher = {ACM},
 address = {New York, NY, USA},
}

@book{jvmspec,
 author = {Tim Lindholm and Frank Yellin},
 title = {The Java Virtual Machine Specification},
 year = {1999},
 isbn = {0201432943},
 publisher = {Addison-Wesley Longman Publishing Co., Inc.},
 address = {Boston, MA, USA},
 }

@misc{jvmlangs,
title = {Programming Languages for the Java Virtual Machine},
author = {Robert Tolksdorf},
institution = {is-research GmbH},
url = {http://www.is-research.de/info/vmlanguages/},
urlaccessdate = {12 set. 2008},
year = {2008},
}

@misc{smlnet,
	title = {The SML.NET compiler},
	author = {Microsoft},
	url = {http://research.microsoft.com/projects/sml.net/},
	urlaccessdate = {12 nov. 2008},
	year = {2008}
}

@misc{mondrian,
	author = {Microsoft},
	title  = {Mondrian},
	year = {2008},
	url = {http://research.microsoft.com/~emeijer/Papers/ECOOP.pdf},
	urlaccessdate = {12 nov. 2008}
}

@misc{scala,
	author = {Martin Odersky},
	title  = {The Scala Programming Language},
	year = {2008},
	url = {http://www.scala-lang.org},
	urlaccessdate = {12 nov. 2008}
}

@book{insidejvm,
 author = {Bill Venners},
 title = {Inside the Java Virtual Machine},
 year = {1996},
 isbn = {0079132480},
 publisher = {McGraw-Hill, Inc.},
 address = {New York, NY, USA},
 }

@monography{jarismar2003,
 address={Pelotas},
 author={Jarismar Chaves da Silva},
 school={Curso de Ciência da Computação, Universidade Federal de Pelotas},
 title={Migração do Ambiente de Programação da Linguagem LS para a Máquina Virtual Java},
 type={Bacharelado},
 year={2003}
}

@article{whyfp,
 author = {John Hughes},
 title = {Why functional programming matters},
 journal = {Computer Journal},
 volume = {32},
 number = {2},
 year = {1989},
 issn = {0010-4620},
 pages = {98--107},
 doi = {http://dx.doi.org/10.1093/comjnl/32.2.98},
 publisher = {Oxford University Press},
 address = {Oxford, UK},
}

@article{fortran,
 author = {John Backus},
 title = {The history of {F}ortran {I}, {II}, and {III}},
 book = {History of programming languages I},
 year = {1981},
 isbn = {0-12-745040-8},
 pages = {25--74},
 doi = {http://doi.acm.org/10.1145/800025.1198345},
 publisher = {ACM},
 address = {New York, NY, USA},
}

@article{hudak89,
 author = {Paul Hudak},
 title = {Conception, evolution, and application of functional programming languages},
 journal = {ACM Comput. Surv.},
 volume = {21},
 number = {3},
 year = {1989},
 issn = {0360-0300},
 pages = {359--411},
 doi = {http://doi.acm.org/10.1145/72551.72554},
 publisher = {ACM},
 address = {New York, NY, USA},
}

@inproceedings{smlj,
 author = {Nick Benton and Andrew Kennedy and George Russell},
 title = {{C}ompiling {S}tandard {ML} to {J}ava bytecodes},
 booktitle = {ICFP '98: Proceedings of the third ACM SIGPLAN international conference on Functional programming},
 year = {1998},
 isbn = {1-58113-024-4},
 pages = {129--140},
 location = {Baltimore, Maryland, United States},
 doi = {http://doi.acm.org/10.1145/289423.289435},
 publisher = {ACM},
 address = {New York, NY, USA},
}

@book{jython,
 author = {Samuele Pedroni and Noel Rappin},
 title = {Jython Essentials: Rapid Scripting in Java},
 year = {2002},
 isbn = {0596002475},
 publisher = {O'Reilly \& Associates, Inc.},
 address = {Sebastopol, CA, USA},
}

@book{jruby,
 author = {Ola Bini},
 title = {Practical JRuby on Rails Web 2.0 Projects: Bringing Ruby on Rails to Java},
 year = {2007},
 isbn = {1590598814},
 publisher = {Apress},
 address = {Berkeley, CA, USA},
}

@misc{tiobe,
title = {TIOBE Programming Community Index},
author = {TIOBE},
month = {November},
url = {http://www.tiobe.com/tpci.htm},
year = {2008},
urlaccessdate = {9 nov. 2008},
}

@inproceedings{meijer2008,
 author = {Erik Meijer},
 title = {Fundamentalist functional programming},
 booktitle = {GPCE '08: Proceedings of the 7th international conference on Generative programming and component engineering},
 year = {2008},
 isbn = {978-1-60558-267-2},
 pages = {99--100},
 location = {Nashville, TN, USA},
 doi = {http://doi.acm.org/10.1145/1449913.1449929},
 publisher = {ACM},
 address = {New York, NY, USA},
}

@inproceedings{matthews2007,
 author = {Jacob Matthews and Robert Bruce Findler},
 title = {Operational semantics for multi-language programs},
 booktitle = {POPL '07: Proceedings of the 34th annual ACM SIGPLAN-SIGACT symposium on Principles of programming languages},
 year = {2007},
 isbn = {1-59593-575-4},
 pages = {3--10},
 location = {Nice, France},
 doi = {http://doi.acm.org/10.1145/1190216.1190220},
 publisher = {ACM},
 address = {New York, NY, USA},
}

@inproceedings{benton1999,
 author = {Nick Benton and Andrew Kennedy},
 title = {{I}nterlanguage working without tears: blending {SML} with {J}ava},
 booktitle = {ICFP '99: Proceedings of the fourth ACM SIGPLAN international conference on Functional programming},
 year = {1999},
 isbn = {1-58113-111-9},
 pages = {126--137},
 location = {Paris, France},
 doi = {http://doi.acm.org/10.1145/317636.317791},
 publisher = {ACM},
 address = {New York, NY, USA},
}



@INPROCEEDINGS{Cam01,
  AUTHOR =       {Lucília Figueiredo and Carlos Camarão},
  TITLE =        {{P}rincipal {T}yping and {M}utual {R}ecursion},
  BOOKTITLE =    {{I}nternational {W}orkshop on {F}unctional and {L}ogic {P}rogramming (WFLP'2001)},
  YEAR =         {2001},
}
@ARTICLE{Cam02,
  AUTHOR =       {Lucília Figueiredo and Carlos Camarão},
  TITLE =        {A {V}iew on {A}bstract and {E}xtensible {T}ypes},
  JOURNAL =      {{R}evista {C}olombiana de {C}omputación},
  YEAR =         {2002},
  volume =       {3},
  number =       {1},
  pages =        {21--40},
}

@article{Mil78,
 author = {Robin Milner},
 title = {A {T}heory of {T}ype {P}olymorphism in {P}rogramming},
 journal = {{J}ournal of {C}omputer and {S}ystems {S}ciences},
 number = {17},
 year = {1978},
 pages = {384--375},
 }

@inproceedings{Kae88,
 author = {Stefan Kaes},
 title = {{P}arametric {O}verloading in {P}olymorphic {P}rogramming {L}anguages},
 booktitle = {{P}roceedings of the 2nd {E}uropean {S}ymposium on {P}rogramming},
 year = {1988},
 isbn = {3-540-19027-9},
 pages = {131--144},
 publisher = {Springer-Verlag},
 }


@inproceedings{Mar95,
 author = {Martin Odersky and Philip Wadler and Martin Wehr},
 title = {A {S}econd look at {O}verloading},
 booktitle = {{P}roceedings of the seventh {I}nternational {C}onference on {F}unctional {P}rogramming {L}anguages and {C}omputer {A}rchitecture},
 year = {1995},
 isbn = {0-89791-719-7},
 pages = {135--146},
 location = {La Jolla, California, United States},
 doi = {http://doi.acm.org/10.1145/224164.224195},
 publisher = {ACM Press},
 }
@inproceedings{Geo94,
 author = {Geoffrey S. Smith},
 title = {{P}rincipal {T}ype {S}chemes for {F}unctional {P}rograms with {O}verloading and {S}ubtyping},
 booktitle = {Selected papers of the {C}olloquium on {F}ormal {A}pproaches of {S}oftware {E}ngineering},
 year = {1994},
 pages = {197--226},
 location = {Orsay, France},
 doi = {http://dx.doi.org/10.1016/0167-6423(94)00020-4},
 publisher = {Elsevier Science Publishers B. V.},
 }
@INPROCEEDINGS{Cam99b,
  AUTHOR =       {Carlos Camarão and Lucília Figueiredo and Elaine Pimentel},
  TITLE =        {{S}istemas de {T}ipos em {L}inguagens de {P}rogramação},
  BOOKTITLE =    {III {B}razilian {S}ymposium on {P}rogramming {L}anguages (SBLP'99)},
  YEAR =         {1999},
}

@PHDTHESIS{Geo91,
  AUTHOR =       {Geoffrey S. Smith},
  TITLE =        {{P}olymorphic {T}ype {I}nference for {L}anguages with {O}verloading and {S}ubtyping},
  SCHOOL =       {Department of Computer Science, Cornell University},
  YEAR =         {1991},
}

@article{Nip95,
author={Tobias Nipkow and Christian Prehofer},
title={{T}ype {R}econstruction for {T}ype {C}lasses},
journal={{J}ournal of {F}unctional {P}rogramming},volume=5,number=2,
year=1995,pages={201--224}
}

@inproceedings{Vol94,
    author = {Dennis M. Volpano},
    title = {Haskell-style {O}verloading is {NP}-hard},
    booktitle = {{P}roceedings of the 1994 {I}nternational {C}onference on {C}omputer {L}anguages},
    year = {1994},
    pages = {88--94},
}


@inproceedings{Vol91,
 author = {Dennis M. Volpano and Geoffrey Smith},
 title = {{O}n the {C}omplexity of {ML} {T}ypability with {O}verloading},
 booktitle = {{P}roceedings of the 5th {ACM} {C}onference on {F}unctional {P}rogramming {L}anguages and {C}omputer {A}rchitecture},
 year = {1991},
 isbn = {3-540-54396-1},
 pages = {15--28},
 publisher = {Springer-Verlag},
 }

@inproceedings{Pat76,
 author = {M. S. Paterson and M. N. Wegman},
 title = {{Linear Unification}},
 booktitle = {{Proceedings of the eighth annual ACM Symposium on Theory of Computing}},
 year = {1976},
 pages = {181--186},
 location = {Hershey, Pennsylvania, United States},
 publisher = {ACM Press},
 }

 @inproceedings{Kan89,
 author = {P. C. Kanellakis and J. C. Mitchell},
 title = {{Polymorphic Unification and {ML} Typing}},
 booktitle = {{Proceedings of the 16th ACM SIGPLAN-SIGACT Symposium on Principles of Programming Languages}},
 year = {1989},
 isbn = {0-89791-294-2},
 pages = {105--115},
 location = {Austin, Texas, United States},
 doi = {http://doi.acm.org/10.1145/75277.75286},
 publisher = {ACM Press},
 }

@article{Kfo94,
 author = {A. J. Kfoury and J. Tiuryn and P. Urzyczyn},
 title = {{An Analysis of {ML} Typability}},
 journal = {J. ACM},
 volume = {41},
 number = {2},
 year = {1994},
 issn = {0004-5411},
 pages = {368--398},
 doi = {http://doi.acm.org/10.1145/174652.174659},
 publisher = {ACM Press},
 }

 @article{Mar82,
 author = {Alberto Martelli and Ugo Montanari},
 title = {{An Efficient Unification Algorithm}},
 journal = {{ACM Transactions on Programming Languages and Systems}},
 volume = {4},
 number = {2},
 year = {1982},
 issn = {0164-0925},
 pages = {258--282},
 doi = {http://doi.acm.org/10.1145/357162.357169},
 publisher = {ACM Press},
 }
@BOOK{Bird98b,
  AUTHOR =       {Richard Bird},
  TITLE =        {{Introduction to Functional Programming using Haskell}},
  PUBLISHER =    {Prentice Hall Europe},
  YEAR =         {1998},
  edition =      {second},
}
@TECHREPORT{ghc,
  TITLE =        {{The Glasgow Haskell Compiler User's Guide, Version 6.2}},
  INSTITUTION =  {The University Court of the University of Glasgow},
  YEAR =         {2002},
  source =       {avaliable at http://www.haskell.org/ghc/documentation.html},
}


 @inproceedings{Fax03,
 author = {Karl-Filip Faxen},
 title = {{Haskell and Principal Types}},
 booktitle = {{Proceedings of the ACM SIGPLAN Workshop on {H}askell}},
 year = {2003},
 isbn = {1-58113-758-3},
 pages = {88--97},
 location = {Uppsala, Sweden},
 doi = {http://doi.acm.org/10.1145/871895.871905},
 publisher = {ACM Press},
 }

@Book{Mark94,
  AUTHOR =       {Mark Jones},
  TITLE =        {{Qualified Types: Theory and Pratice}},
  PUBLISHER =       {Cambridge Press},
  YEAR =         {1994},
}

 @inproceedings{Trev96,
 author = {Trevor Jim},
 title = {{What are Principal Typings and what are they good for?}},
 booktitle = {{Proceedings of the 23rd ACM SIGPLAN-SIGACT Symposium on Principles of Programming Languages}},
 year = {1996},
 isbn = {0-89791-769-3},
 pages = {42--53},
 location = {St. Petersburg Beach, Florida, United States},
 doi = {http://doi.acm.org/10.1145/237721.237728},
 publisher = {ACM Press},
 }

@inproceedings{Dam82,
 author = {Luis Damas and Robin Milner},
 title = {{Principal Type-Schemes for Functional Programs}},
 booktitle = {{Proceedings of the 9th ACM SIGPLAN-SIGACT Symposium on Principles of Programming Languages}},
 year = {1982},
 isbn = {0-89791-065-6},
 pages = {207--212},
 location = {Albuquerque, Mexico},
 doi = {http://doi.acm.org/10.1145/582153.582176},
 publisher = {ACM Press},
 }
@INPROCEEDINGS{Jon97,
  AUTHOR =       {Simon Peyton Jones and Mark P. Jones},
  TITLE =        {{Type Classes: an exploration of the desing space}},
  BOOKTITLE =    {{Proceedings of the ACM SIGPLAN Haskell Workshop}},
  YEAR =         {1997},
}
@inproceedings{Shi01,
    author = {Mark Shields and Simon Peyton Jones},
    title = {{Object-Oriented Style Overloading for {H}askell}},
    booktitle = {Electronic Notes in Theoretical Computer Science},
    volume = {59},
    issue = {1},
    publisher = {Elsevier},
    editor = {Nick Benton and Andrew Kennedy},
    year = {2001}
}


@ARTICLE{Dug02,
  AUTHOR =       {Dominic Duggan and John Opel},
  TITLE =        {{Type-Checking Multi-Parameter Type Classes}},
  JOURNAL =      {{Journal of Functional Programming}},
  YEAR =         {2002},
  volume =       {12},
  number =       {2},
  pages =        {133--158},
}

@inproceedings{Cam99,
 author = {Carlos Camarão and Lucília Figueiredo},
 title = {{Type Inference for Overloading without Restrictions, Declarations or Annotations}},
 booktitle = {{Proc. of FLOPS´99}, LNCS 1722},
 year = {1999},
 pages = {37--52},
}
@inproceedings{Mark95,
 author = {Mark P. Jones},
 title = {{Simplifying and Improving Qualified Types}},
 booktitle = {{Proceedings of the seventh International Conference on Functional Programming Languages and Computer Architecture}},
 year = {1995},
 isbn = {0-89791-719-7},
 pages = {160--169},
 location = {La Jolla, California, United States},
 doi = {http://doi.acm.org/10.1145/224164.224198},
 publisher = {ACM Press},
 }

@INPROCEEDINGS{Mark00,
  AUTHOR =       {Mark P. Jones},
  TITLE =        {{Type Classes with Functional Dependencies}},
  BOOKTITLE =    {{In Proceedings of the 9th European Symposium on Programming}},
  YEAR =         {2000},

}

@INPROCEEDINGS{Bird98,
  AUTHOR =       {R. Bird and L. Meertens},
  TITLE =        {{Nested Datatypes}},
  BOOKTITLE =    {{Proceedings of the 4th International Conference on
  Mathematics of Program Construction}, Springer-Verlag LNCS 1422},
  YEAR =         {1998},
}

 @article{Con95,
  AUTHOR =       {R. H. Connelly and F. L. Morris},
  TITLE =        {{A Generalisation of the Trie Data Structure}},
  BOOKTITLE =    {Mathematical Structures in Computer Science},
  YEAR =         {1995},
  volume =       {6},
  number =       {1},
  pages =        {1--28},
}

@techreport{Jah93,
    author = "Said Jahama and A. J. Kfoury",
    title = "A General Theory of Semi-Unification",
    number = "BU-CS 1993-018",
    year = "1993",
    url = "citeseer.ist.psu.edu/jahama93general.html"
}
@inproceedings{Oka97,
 author = {Chris Okasaki},
 title = {Catenable double-ended queues},
 booktitle = {{Proceedings of the second ACM SIGPLAN International Conference on Functional Programming}},
 year = {1997},
 isbn = {0-89791-918-1},
 pages = {66--74},
 location = {Amsterdam, The Netherlands},
 doi = {http://doi.acm.org/10.1145/258948.258956},
 publisher = {ACM Press},
 }
@inproceedings{Sul02,
 author = {Peter J. Stuckey and Martin Sulzmann},
 title = {{A Theory of Overloading}},
 booktitle = {{Proceedings of the seventh ACM SIGPLAN International Conference on Functional Programming}},
 year = {2002},
 isbn = {1-58113-487-8},
 pages = {167--178},
 location = {Pittsburgh, PA, USA},
 doi = {http://doi.acm.org/10.1145/581478.581495},
 publisher = {ACM Press},
 }

 @inproceedings{Chen92,
 author = {Kung Chen and Paul Hudak and Martin Odersky},
 title = {{Parametric Type Classes}},
 booktitle = {{Proceedings of the 1992 ACM Conference on LISP and Functional Programming}},
 year = {1992},
 isbn = {0-89791-481-3},
 pages = {170--181},
 location = {San Francisco, California, United States},
 doi = {http://doi.acm.org/10.1145/141471.141536},
 publisher = {ACM Press},
 }
 @techreport{Dug93,
 author      ="Duggan, Dominic and Cormack, Gordon and Ophel, John",
 title       ="Kinded Type Inference for Parametric Overloading",
 address     ="Waterloo, Ontario, Canada",
 number      ="CS-93-12",
 institution ="University of Waterloo, Department of Computer Science",
 year        ="1993",
 scope       ="imptype",
 abstractURL ="http://nuada.uwaterloo.ca/dduggan/papers.html#overload-paper",
 keywords    ="Type Inference, Overloading, Polymorphism"
}




 @article{Cor96,
 author = {Cordelia V. Hall and Kevin Hammond and Simon L. {Peyton Jones} and Philip L. Wadler},
 title = {{Type Classes in {H}askell}},
 journal = {{ACM Transactions on Programming Languages and Systems}},
 volume = {18},
 number = {2},
 year = {1996},
 issn = {0164-0925},
 pages = {109--138},
 doi = {http://doi.acm.org/10.1145/227699.227700},
 publisher = {ACM Press},
 }
@article{Luc85,
 author = {Luca Cardelli and Peter Wegner},
 title = {{On Understanding Types, Data Abstraction, and Polymorphism}},
 journal = {{Computing Surveys}},
 volume = {17},
 year = {1985},
 pages = {471--522},
 }
@Inproceedings{Mark99,
  AUTHOR =       {Mark P. Jones},
  TITLE =        {Typing {H}askell in {H}askell},
  INSTITUTION =  {University of Utrecht},
  YEAR =         {1999},
  number =       {UU-CS-1999-28},
  booktitle  =       {Proceedings of the 1999 Haskell Workshop},
  url = {http://web.cecs.pdx.edu/~mpj/thih/}
}
@BOOK{Has02,
title = {Haskell 98 Language and Libraries: The Revised Report},
editor = {Simon Peyton Jones},
howpublished = {PDF},
month = {September},
pages = {277},
type = {Language Definition},
url = {http://haskell.org/definition/haskell98-report.pdf},
year = {2002},
description = {This report defines the syntax for Haskell programs and an informal abstract semantics for the meaning of such programs.},
keywords = {haskell }
}

@TECHREPORT{Daan,
  AUTHOR =      {Daan Leijen},
  TITLE =       {{Parsec, a Fast Combinator Parser}},
  source =      {avalible at http://www.cs.uu.nl/~daan}
}


@ARTICLE{Kfo93b,
  AUTHOR =       {A. J. Kfoury, J. Tiuryn, and P. Urzyczyn.},
  TITLE =        {{The Undecidability of the Semi-Unification Problem}},
  JOURNAL =      {{Information and Computation}},
  YEAR =         {1993},
  volume =       {102},
  number =       {1},
  pages =        {83--101},
  month =        {January},
}

@article{Rob65,
 author = {J. A. Robinson},
 title = {{A Machine-Oriented Logic Based on the Resolution Principle}},
 journal = {J. ACM},
 volume = {12},
 number = {1},
 year = {1965},
 issn = {0004-5411},
 pages = {23--41},
 doi = {http://doi.acm.org/10.1145/321250.321253},
 publisher = {ACM Press},
 }
@Article{Vas03,
  author =     {Cristiano Vasconcellos and Lucília Figueiredo and Carlos Camarao},
  title =      {{Practical Type Inference for Polymorphic Recursion: an Implementation in {H}askell}},
  journal =    {j-jucs},
  year =       {2003},
  volume =     {9},
  number =     {8},
  pages =      {873--890},
  url =       {http://www.jucs.org/jucs_9_8/practical_type_inference_for}
}

@PhDThesis{Vas04,
	author = {Cristiano Damiani Vasconcellos},
	title  ={{I}nferência de {T}ipos com {S}uporte para {S}obrecarga {B}aseada no {S}istema {CT}},
	year = {2004},
	school = {Universidade Federal de Minas Gerais}
}

@article{Kfo93,
 author = {A. J. Kfoury and J. Tiuryn and P. Urzyczyn},
 title = {{Type Teconstruction in the Presence of Polymorphic Recursion}},
 journal = {{ACM Transactions on Programming Languages and Systems}},
 volume = {15},
 number = {2},
 year = {1993},
 issn = {0164-0925},
 pages = {290--311},
 doi = {http://doi.acm.org/10.1145/169701.169687},
 publisher = {ACM Press},
 }
@article{Hen93,
 author = {Fritz Henglein},
 title = {{Type Inference with Polymorphic Recursion}},
 journal = {ACM Transactions on Programming Languages and Systems},
 volume = {15},
 number = {2},
 year = {1993},
 issn = {0164-0925},
 pages = {253--289},
 doi = {http://doi.acm.org/10.1145/169701.169692},
 publisher = {ACM Press},
 }
@TECHREPORT{Lei01,
  AUTHOR =       {Daan Leijen and Erik Meijer},
  TITLE =        {{Parsec: Direct Style Monadic Parser Combinators for the Real World}},
  INSTITUTION =  {Departement of Computer Science, Universiteit Utrecht},
  YEAR =         {2001},
  number =       {UU-CS-2001-35},
}

@TECHREPORT{Mar01,
  AUTHOR =       {Simon Marlow And Andy Gill},
  TITLE =        {Happy User Guide},
  INSTITUTION =  {avalible at http://www.haskell.org/happy/},
  YEAR =         {2001},

}


@TECHREPORT{Mark93,
  AUTHOR =       {Mark P. Jones},
  TITLE =        {{Coherence for Qualified Types}},
  INSTITUTION =  {Yale University},
  YEAR =         {1993},
  number =       {YALEU/DCS/RR-989},
  source =       {avalible at http://www.cse.ogi.edu/~mpj/pubs/coherence.html},
}

@BOOK{Pie02,
  AUTHOR =       {Benjamin C. Pierce},
  TITLE =        {Types and Programming Languages},
  PUBLISHER =    {MIT Press},
  YEAR =         {2002},
}

@BOOK{John96,
  AUTHOR =       {John Mitchell},
  TITLE =        {Foundations for Programming Languages},
  PUBLISHER =    {MIT Press},
  YEAR =         {1996},
}
@BOOK{Oka98,
  AUTHOR =       {Chris Okasaki},
  TITLE =        {Purely Functional Data Structures},
  PUBLISHER =    {Cambridge Press},
  YEAR =         {1998},
 }

@techreport{Tho92,
author = {Simon Thompson},
title = {{Formulating {H}askell}},
month = {November},
year = {1992},
pages = {},
keywords = {},
note = {},
url = {http://www.cs.ukc.ac.uk/pubs/1992/123},
address = {University of Kent, Canterbury, UK},
hensa_abstractfilename = {pub/misc/ukc.reports/comp.sci/abstracts/29-92},
hensa_ftpaddress = {unix.hensa.ac.uk},
hensa_reportfilename = {pub/misc/ukc.reports/comp.sci/reports/29-92.ps.Z},
institution = {University of Kent, Computing Laboratory},
number = {29-92*},
}
@INPROCEEDINGS{Cam04,
  AUTHOR =       {Carlos Camarão and Lucília Figueiredo and Cristiano D. Vasconcellos},
  TITLE =        {{Constraint-Set Satisfiability for Overloading}},
  BOOKTITLE =    {{6th ACM SIGPLAN International Conference on Principles and Practice of Declaritive Programming}},
  YEAR =         {2004},
  location =     {Verona},
  publisher =    {ACM Press},
}

@BOOK{Abel96,
  AUTHOR =       "Harold Abelson and Gerald Jay Sussman",
  TITLE =        "Structure and Interpretation of Computer Programs",
  PUBLISHER =    "MIT Press",
  YEAR =         "1996",
  edition =      {second},
}
@BOOK{Mc65,
  AUTHOR =       "John McCarthy and P. W. Abrahams and D. J. Edwards and T. P. Hart and M. I. Levin",
  TITLE =        "Lisp 1.5 Programmer's Manual",
  PUBLISHER =    "MIT Press",
  YEAR =         "1965",
  edition =      "second",

}
@BOOK{Str00,
  AUTHOR =       "Bjarne Stroustrup",
  TITLE =        "The C++ Programming Language",
  PUBLISHER =    "Addison-Wesley",
  YEAR =         "2000",
  edition =      "third",
}

@BOOK{Gos00,
  AUTHOR =       "Ken Arnold and James Gosling",
  TITLE =        "The Java Programming Language",
  PUBLISHER =    "Addison-Wesley",
  YEAR =         "2000",
  edition =      "third",
}

@BOOK{Mil90,
  AUTHOR =       "Robin Milner and Mads Tofte and Robert Harper",
  TITLE =        "The Definition of Standard ML",
  PUBLISHER =    "MIT Press",
  YEAR =         "1990",
}
@BOOK{Ker88,
  AUTHOR =       "Brian W. Kernighan and Dennis M. Ritchie",
  TITLE =        "The C Programming Language",
  PUBLISHER =    "Prentice Hall",
  YEAR =         "1988",
  edition =      "second",

}
@BOOK{Wir91,
  AUTHOR =       "Kathleen Jensen and Niklaus Wirth",
  TITLE =        "PASCAL - User Manual and Report",
  PUBLISHER =    "Springer Verlag",
  YEAR =         "1974",
}

@inproceedings{My84,
 author = {Alan Mycroft},
 title = {{Polymorphic Type Schemes and Recursive Definitions}},
 booktitle = {{Proceedings of the 6th Colloquium on International Symposium on Programming}},
 year = {1984},
 isbn = {3-540-12925-1},
 pages = {217--228},
 publisher = {Springer-Verlag},
 }


@MISC{Mercury,
  author =       "F. Henderson et al.",
  title =        "The Mercury Project",
  howpublished = "http://www.cs.mu.oz.au/research/mercury/",
}
